@article{murugesan2008,
author = {Murugesan, San},
title = {Harnessing Green IT: Principles and Practices},
journal = {IT Professional},
volume = {10},
number = {1},
pages = {24-33},
year = {2008},
publisher = {IEEE}
}

@book{tomlinson2010,
author = {Tomlinson, Bill},
title = {Greening through IT: Information Technology for Environmental Sustainability},
year = {2010},
publisher = {MIT Press},
address = {Cambridge, MA}
}

@article{jenkin2011,
author = {Jenkin, Tracy A. and Webster, Jane and McShane, Lindsay},
title = {An agenda for 'Green' information technology and systems research},
journal = {Information and Organization},
volume = {21},
number = {1},
pages = {17-40},
year = {2011},
publisher = {Elsevier}
}

@techreport{gartner2007,
author = {{Gartner}},
title = {Gartner Estimates ICT Industry Accounts for 2 Percent of Global CO2 Emissions},
institution = {Gartner},
year = {2007},
url = {https://www.gartner.com/en/documents/519717/gartner-estimates-ict-industry-accounts-for-2-percent-of-}
}

@article{geissdoerfer2010,
  author = {Geissdoerfer, Martin and Savaget, Paulo and Bocken, Nancy M. P. and Hultink, Erik Jan and de Pauw, Ingrid},
  title = {The Circular Economy – A new sustainability paradigm?},
  journal = {Journal of Cleaner Production},
  volume = {143},
  pages = {724-732},
  year = {2017},
  publisher = {Elsevier}
}

@techreport{unctad2019,
  author = {{UNCTAD}},
  title = {Trade and Development Report 2019},
  institution = {United Nations Conference on Trade and Development},
  year = {2019},
  url = {https://unctad.org/en/PublicationsLibrary/tdr2019_en.pdf}
}

@article{belkhir2018,
  author = {Belkhir, Lotfi and Elmeligi, Ahmed},
  title = {Assessing ICT global emissions footprint: Trends to 2040 & recommendations},
  journal = {Journal of Cleaner Production},
  volume = {177},
  pages = {448-463},
  year = {2018},
  publisher = {Elsevier}
}

@article{masanet2020,
  author = {Masanet, Eric and Shehabi, Arman and Lei, Nuoa and Smith, Sarah and Koomey, Jonathan},
  title = {Recalibrating global data center energy-use estimates},
  journal = {Science},
  volume = {367},
  number = {6481},
  pages = {984-986},
  year = {2020},
  publisher = {American Association for the Advancement of Science}
}

@article{andrae2015,
  author = {Andrae, Anders S.G. and Edler, Tomas},
  title = {On Global Electricity Usage of Communication Technology: Trends to 2030},
  journal = {Challenges},
  volume = {6},
  number = {1},
  pages = {117-157},
  year = {2015},
  publisher = {MDPI}
}

@article{bieser2019,
  author = {Bieser, Jan C.T. and Hilty, Lorenz M.},
  title = {Indirect Effects of the Digital Transformation on Environmental Sustainability: Methodological Challenges in Assessing the Greenhouse Gas Abatement Potential of ICT},
  journal = {Environmental Impact Assessment Review},
  volume = {79},
  pages = {106288},
  year = {2019},
  publisher = {Elsevier}
}

@article{oró2015,
  author = {Oró, Eduard and Depoorter, Victor and Garcia, Albert and Salom, Jaume},
  title = {Energy efficiency and renewable energy integration in data centres. Strategies and modelling review},
  journal = {Renewable and Sustainable Energy Reviews},
  volume = {42},
  pages = {429-445},
  year = {2015},
  publisher = {Elsevier}
}

@article{baldé2017,
  author = {Baldé, C.P. and Forti V. and Gray, V. and Kuehr, R. and Stegmann, P.},
  title = {The Global E-waste Monitor 2017: Quantities, Flows, and Resources},
  journal = {United Nations University},
  year = {2017},
  publisher = {UNU}
}

@article{khan2021,
  author = {Khan, Samee U. and Haque, Ferdous and Shahid, Shawkat},
  title = {Sustainable Computing: A Review of Carbon Footprint Reduction Techniques for Green Cloud Computing},
  journal = {Sustainability},
  volume = {13},
  number = {16},
  pages = {9065},
  year = {2021},
  publisher = {MDPI}
}

@article{jones2018,
  author = {Jones, Nicola},
  title = {How to stop data centres from gobbling up the world's electricity},
  journal = {Nature},
  volume = {561},
  number = {7722},
  pages = {163-166},
  year = {2018},
  publisher = {Nature Publishing Group}
}

@article{pohl2019,
  author = {Pohl, Johanna and Hilty, Lorenz M. and Finkbeiner, Matthias},
  title = {How LCA contributes to the environmental assessment of higher order effects of ICT application: A review of different approaches},
  journal = {Journal of Cleaner Production},
  volume = {219},
  pages = {698-712},
  year = {2019},
  publisher = {Elsevier}
}

@article{freitag2021,
  author = {Freitag, Charlotte and Berners-Lee, Mike and Widdicks, Kelly and Knowles, Bran and Blair, Gordon S. and Friday, Adrian},
  title = {The real climate and transformative impact of ICT: A critique of estimates, trends, and regulations},
  journal = {Patterns},
  volume = {2},
  number = {9},
  pages = {100340},
  year = {2021},
  publisher = {Cell Press}
}

@techreport{google2024,
  author = {{Google}},
  title = {Google 2024 Environmental Report},
  year = {2024},
  url = {https://www.gstatic.com/gumdrop/sustainability/google-2024-environmental-report.pdf},
  note = {Accessed on February 25, 2025}
}

@misc{fairphoneimpact,
  author = {{Fairphone}},
  title = {Impact},
  url = {https://www.fairphone.com/de/impact},
  note = {Accessed on February 25, 2025}
}

@techreport{buerger2022,
  author = {Bürger, Johanna and Paulinger, Gerhard},
  title = {Nachhaltiger Konsum – Potentiale und Hürden österreichischer Haushalte},
  year = {2022},
  institution = {Arbeiterkammer Wien},
  url = {https://www.arbeiterkammer.at/service/presse/Studie_Nachhaltiger_Konsum_2022.pdf},
  note = {Accessed on February 25, 2025}
}

@article{judijanto2024,
author = {Judijanto, Loso and Suhara, Ade and Mayasari, Nanny},
title = {Bibliometric Analysis of Green Technology Research Trends and Their Impact on the Global},
journal = {West Science Nature and Technology},
volume = {2},
number = {03},
pages = {128--141},
year = {2024},
doi = {10.58812/wsnt.v2i03.1260}
}
@article{nyabuto2024,
author = {Nyabuto, Geofrey Mwamba},
title = {A Review of Current Research Trends in Green Computing},
journal = {East African Journal of Information Technology},
volume = {7},
number = {1},
pages = {51--59},
year = {2024},
doi = {10.37284/eajit.7.1.1707}
}
@article{soare2024,
author = {Soare, Paul and Ciocoiu, Carmen Nadia and Colesca, Sofia Elena and Burlacu, Sorin},
title = {Green Information Systems—A Bibliometric Analysis of the Literature from 2000 to 2023},
journal = {Electronics},
volume = {13},
number = {7},
pages = {1329},
year = {2024},
doi = {10.3390/electronics13071329}
}
